@book{russell2010artificial,
  title     = {Artificial intelligence a modern approach},
  author    = {Russell, Stuart J},
  year      = {2010},
  publisher = {Pearson Education, Inc.}
}

@article{pyswarmsJOSS2018,
  author  = {Lester James V. Miranda},
  title   = {{P}y{S}warms, a research-toolkit for {P}article {S}warm {O}ptimization in {P}ython},
  journal = {Journal of Open Source Software},
  year    = {2018},
  volume  = {3},
  issue   = {21},
  doi     = {10.21105/joss.00433},
  url     = {https://doi.org/10.21105/joss.00433}
}

@article{kyrillidis2019introduction,
  title   = {Introduction to quantum computing: bloch sphere},
  author  = {Kyrillidis, Anastasios},
  journal = {URL: http://akyrillidis. github. io/notes/quant\_post\_7},
  year    = {2019}
}

@book{mermin2007quantum,
  title     = {Quantum computer science: an introduction},
  author    = {Mermin, N David},
  year      = {2007},
  publisher = {Cambridge University Press}
}

@misc{nielsen2002quantum,
  title     = {Quantum computation and quantum information},
  author    = {Nielsen, Michael A and Chuang, Isaac},
  year      = {2002},
  publisher = {American Association of Physics Teachers}
}

@article{preskill2018quantum,
  title     = {Quantum computing in the NISQ era and beyond},
  author    = {Preskill, John},
  journal   = {Quantum},
  volume    = {2},
  pages     = {79},
  year      = {2018},
  publisher = {Verein zur F{\"o}rderung des Open Access Publizierens in den Quantenwissenschaften}
}

@article{ladd2010quantum,
  title     = {Quantum computers},
  author    = {Ladd, Thaddeus D and Jelezko, Fedor and Laflamme, Raymond and Nakamura, Yasunobu and Monroe, Christopher and O’Brien, Jeremy Lloyd},
  journal   = {nature},
  volume    = {464},
  number    = {7285},
  pages     = {45--53},
  year      = {2010},
  publisher = {Nature Publishing Group}
}

@article{bravyi2018correcting,
  title     = {Correcting coherent errors with surface codes},
  author    = {Bravyi, Sergey and Englbrecht, Matthias and K{\"o}nig, Robert and Peard, Nolan},
  journal   = {npj Quantum Information},
  volume    = {4},
  number    = {1},
  pages     = {1--6},
  year      = {2018},
  publisher = {Nature Publishing Group}
}

@article{funcke2022measurement,
  title     = {Measurement error mitigation in quantum computers through classical bit-flip correction},
  author    = {Funcke, Lena and Hartung, Tobias and Jansen, Karl and K{\"u}hn, Stefan and Stornati, Paolo and Wang, Xiaoyang},
  journal   = {Physical Review A},
  volume    = {105},
  number    = {6},
  pages     = {062404},
  year      = {2022},
  publisher = {APS}
}

@article{iverson2020coherence,
  title     = {Coherence in logical quantum channels},
  author    = {Iverson, Joseph K and Preskill, John},
  journal   = {New Journal of Physics},
  volume    = {22},
  number    = {7},
  pages     = {073066},
  year      = {2020},
  publisher = {IOP Publishing}
}

@article{landa2022experimental,
  title     = {Experimental Bayesian estimation of quantum state preparation, measurement, and gate errors in multiqubit devices},
  author    = {Landa, Haggai and Meirom, Dekel and Kanazawa, Naoki and Fitzpatrick, Mattias and Wood, Christopher J},
  journal   = {Physical Review Research},
  volume    = {4},
  number    = {1},
  pages     = {013199},
  year      = {2022},
  publisher = {APS}
}

@book{mcmahon2007quantum,
  title     = {Quantum computing explained},
  author    = {McMahon, David},
  year      = {2007},
  publisher = {John Wiley \& Sons}
}

@article{marini2015particle,
  title     = {Particle swarm optimization (PSO). A tutorial},
  author    = {Marini, Federico and Walczak, Beata},
  journal   = {Chemometrics and Intelligent Laboratory Systems},
  volume    = {149},
  pages     = {153--165},
  year      = {2015},
  publisher = {Elsevier}
}

@inproceedings{kennedy1995particle,
  title        = {Particle swarm optimization},
  author       = {Kennedy, James and Eberhart, Russell},
  booktitle    = {Proceedings of ICNN'95-international conference on neural networks},
  volume       = {4},
  pages        = {1942--1948},
  year         = {1995},
  organization = {IEEE}
}

@inproceedings{shi1998parameter,
  title        = {Parameter selection in particle swarm optimization},
  author       = {Shi, Yuhui and Eberhart, Russell C},
  booktitle    = {International conference on evolutionary programming},
  pages        = {591--600},
  year         = {1998},
  organization = {Springer}
}

@misc{Qiskit,
  author = {MD SAJID ANIS and Abby-Mitchell and H{\'e}ctor Abraham .... and Mantas {\v{C}}epulkovskis},
  title  = {Qiskit: An Open-source Framework for Quantum Computing},
  year   = {2021},
  doi    = {10.5281/zenodo.2573505}
}

@inproceedings{wille2019ibm,
  title        = {IBM’s Qiskit tool chain: Working with and developing for real quantum computers},
  author       = {Wille, Robert and Van Meter, Rod and Naveh, Yehuda},
  booktitle    = {2019 Design, Automation \& Test in Europe Conference \& Exhibition (DATE)},
  pages        = {1234--1240},
  year         = {2019},
  organization = {IEEE}
}

@article{shor1999polynomial,
  title     = {Polynomial-time algorithms for prime factorization and discrete logarithms on a quantum computer},
  author    = {Shor, Peter W},
  journal   = {SIAM review},
  volume    = {41},
  number    = {2},
  pages     = {303--332},
  year      = {1999},
  publisher = {SIAM}
}

@inproceedings{grover1998framework,
  title     = {A framework for fast quantum mechanical algorithms},
  author    = {Grover, Lov K},
  booktitle = {Proceedings of the thirtieth annual ACM symposium on Theory of computing},
  pages     = {53--62},
  year      = {1998}
}

@article{li2022qubit,
  title     = {The Qubit Fidelity Under Different Error Mechanisms Based on Error Correction Threshold},
  author    = {Li, Kai},
  journal   = {Frontiers in Physics},
  pages     = {315},
  year      = {2022},
  publisher = {Frontiers}
}

@book{schlosshauer2007decoherence,
  title     = {Decoherence: and the quantum-to-classical transition},
  author    = {Schlosshauer, Maximilian A},
  year      = {2007},
  publisher = {Springer Science \& Business Media}
}

@book{heiman2001understanding,
  title     = {Understanding research methods and statistics: An integrated introduction for psychology},
  author    = {Heiman, Gary W},
  year      = {2001},
  publisher = {Houghton, Mifflin and Company}
}

@article{vaswani2017attention,
  title   = {Attention is all you need},
  author  = {Vaswani, Ashish and Shazeer, Noam and Parmar, Niki and Uszkoreit, Jakob and Jones, Llion and Gomez, Aidan N and Kaiser, {\L}ukasz and Polosukhin, Illia},
  journal = {Advances in neural information processing systems},
  volume  = {30},
  year    = {2017}
}

@article{grigsby2021long,
  title   = {Long-range transformers for dynamic spatiotemporal forecasting},
  author  = {Grigsby, Jake and Wang, Zhe and Qi, Yanjun},
  journal = {arXiv preprint arXiv:2109.12218},
  year    = {2021}
}

@article{wu2020deep,
  title   = {Deep transformer models for time series forecasting: The influenza prevalence case},
  author  = {Wu, Neo and Green, Bradley and Ben, Xue and O'Banion, Shawn},
  journal = {arXiv preprint arXiv:2001.08317},
  year    = {2020}
}
@article{mishev2020evaluation,
  title     = {Evaluation of sentiment analysis in finance: from lexicons to transformers},
  author    = {Mishev, Kostadin and Gjorgjevikj, Ana and Vodenska, Irena and Chitkushev, Lubomir T and Trajanov, Dimitar},
  journal   = {IEEE access},
  volume    = {8},
  pages     = {131662--131682},
  year      = {2020},
  publisher = {IEEE}
}

@article{naseem2020transformer,
  title     = {Transformer based deep intelligent contextual embedding for twitter sentiment analysis},
  author    = {Naseem, Usman and Razzak, Imran and Musial, Katarzyna and Imran, Muhammad},
  journal   = {Future Generation Computer Systems},
  volume    = {113},
  pages     = {58--69},
  year      = {2020},
  publisher = {Elsevier}
}

@article{devlin2018bert,
  title   = {Bert: Pre-training of deep bidirectional transformers for language understanding},
  author  = {Devlin, Jacob and Chang, Ming-Wei and Lee, Kenton and Toutanova, Kristina},
  journal = {arXiv preprint arXiv:1810.04805},
  year    = {2018}
}

@article{xu2020peak,
  title   = {Peak Detection On Data Independent Acquisition Mass Spectrometry Data With Semisupervised Convolutional Transformers},
  author  = {Xu, Leon L and R{\"o}st, Hannes L},
  journal = {arXiv preprint arXiv:2010.13841},
  year    = {2020}
}

@article{derieux2022transformer,
  title   = {A Transformer Framework for Data Fusion and Multi-Task Learning in Smart Cities},
  author  = {DeRieux, Alexander C and Saad, Walid and Zuo, Wangda and Budiarto, Rachmawan and Koerniawan, Mochamad Donny and Novitasari, Dwi},
  journal = {arXiv preprint arXiv:2211.10506},
  year    = {2022}
}

@inproceedings{zerveas2021transformer,
  title     = {A transformer-based framework for multivariate time series representation learning},
  author    = {Zerveas, George and Jayaraman, Srideepika and Patel, Dhaval and Bhamidipaty, Anuradha and Eickhoff, Carsten},
  booktitle = {Proceedings of the 27th ACM SIGKDD Conference on Knowledge Discovery \& Data Mining},
  pages     = {2114--2124},
  year      = {2021}
}

@article{wise2021using,
  title     = {Using deep learning to understand and mitigate the qubit noise environment},
  author    = {Wise, David F and Morton, John JL and Dhomkar, Siddharth},
  journal   = {PRX Quantum},
  volume    = {2},
  number    = {1},
  pages     = {010316},
  year      = {2021},
  publisher = {APS}
}

@article{vezvaee2022noise,
  title   = {Noise Spectroscopy Without Dynamical Decoupling Pulses},
  author  = {Vezvaee, Arian and Shitara, Nanako and Sun, Shuo and Montoya-Castillo, Andr{\'e}s},
  journal = {arXiv preprint arXiv:2210.00386},
  year    = {2022}
}

@article{martina2023deep,
  title   = {Deep learning enhanced noise spectroscopy of a spin qubit environment},
  author  = {Martina, Stefano and Hern{\'a}ndez-G{\'o}mez, Santiago and Gherardini, Stefano and Caruso, Filippo and Fabbri, Nicole},
  journal = {arXiv preprint arXiv:2301.05079},
  year    = {2023}
}

@article{baldi2000assessing,
  title     = {Assessing the accuracy of prediction algorithms for classification: an overview},
  author    = {Baldi, Pierre and Brunak, S{\o}ren and Chauvin, Yves and Andersen, Claus AF and Nielsen, Henrik},
  journal   = {Bioinformatics},
  volume    = {16},
  number    = {5},
  pages     = {412--424},
  year      = {2000},
  publisher = {Oxford University Press}
}

@inproceedings{rezatofighi2019generalized,
  title     = {Generalized intersection over union: A metric and a loss for bounding box regression},
  author    = {Rezatofighi, Hamid and Tsoi, Nathan and Gwak, JunYoung and Sadeghian, Amir and Reid, Ian and Savarese, Silvio},
  booktitle = {Proceedings of the IEEE/CVF conference on computer vision and pattern recognition},
  pages     = {658--666},
  year      = {2019}
}

@article{mavadia2017prediction,
  title     = {Prediction and real-time compensation of qubit decoherence via machine learning},
  author    = {Mavadia, Sandeep and Frey, Virginia and Sastrawan, Jarrah and Dona, Stephen and Biercuk, Michael J},
  journal   = {Nature communications},
  volume    = {8},
  number    = {1},
  pages     = {14106},
  year      = {2017},
  publisher = {Nature Publishing Group UK London}
}

@article{gupta2018machine,
  title     = {Machine learning for predictive estimation of qubit dynamics subject to dephasing},
  author    = {Gupta, Riddhi Swaroop and Biercuk, Michael J},
  journal   = {Physical Review Applied},
  volume    = {9},
  number    = {6},
  pages     = {064042},
  year      = {2018},
  publisher = {APS}
}

@article{youssry2020characterization,
  title     = {Characterization and control of open quantum systems beyond quantum noise spectroscopy},
  author    = {Youssry, Akram and Paz-Silva, Gerardo A and Ferrie, Christopher},
  journal   = {npj Quantum Information},
  volume    = {6},
  number    = {1},
  pages     = {95},
  year      = {2020},
  publisher = {Nature Publishing Group UK London}
}

@article{youssry2022multi,
  title     = {Multi-axis control of a qubit in the presence of unknown non-Markovian quantum noise},
  author    = {Youssry, Akram and Nurdin, Hendra I},
  journal   = {Quantum Science and Technology},
  volume    = {8},
  number    = {1},
  pages     = {015018},
  year      = {2022},
  publisher = {IOP Publishing}
}

@article{perrier2022qdataset,
  title     = {QDataSet, quantum datasets for machine learning},
  author    = {Perrier, Elija and Youssry, Akram and Ferrie, Chris},
  journal   = {Scientific Data},
  volume    = {9},
  number    = {1},
  pages     = {582},
  year      = {2022},
  publisher = {Nature Publishing Group UK London}
}

@article{shorten2019survey,
  title     = {A survey on image data augmentation for deep learning},
  author    = {Shorten, Connor and Khoshgoftaar, Taghi M},
  journal   = {Journal of big data},
  volume    = {6},
  number    = {1},
  pages     = {1--48},
  year      = {2019},
  publisher = {SpringerOpen}
}

@article{zhang2017mixup,
  title   = {mixup: Beyond empirical risk minimization},
  author  = {Zhang, Hongyi and Cisse, Moustapha and Dauphin, Yann N and Lopez-Paz, David},
  journal = {arXiv preprint arXiv:1710.09412},
  year    = {2017}
}

@inproceedings{penrose1955generalized,
  title        = {A generalized inverse for matrices},
  author       = {Penrose, Roger},
  booktitle    = {Mathematical proceedings of the Cambridge philosophical society},
  volume       = {51},
  pages        = {406--413},
  year         = {1955},
  organization = {Cambridge University Press}
}

@article{paszke2019pytorch,
  title   = {Pytorch: An imperative style, high-performance deep learning library},
  author  = {Paszke, Adam and Gross, Sam and Massa, Francisco and Lerer, Adam and Bradbury, James and Chanan, Gregory and Killeen, Trevor and Lin, Zeming and Gimelshein, Natalia and Antiga, Luca and others},
  journal = {Advances in neural information processing systems},
  volume  = {32},
  year    = {2019}
}

@article{harris2020array,
  title     = {Array programming with {NumPy}},
  author    = {Charles R. Harris and K. Jarrod Millman and St{\'{e}}fan J.
               van der Walt and Ralf Gommers and Pauli Virtanen and David
               Cournapeau and Eric Wieser and Julian Taylor and Sebastian
               Berg and Nathaniel J. Smith and Robert Kern and Matti Picus
               and Stephan Hoyer and Marten H. van Kerkwijk and Matthew
               Brett and Allan Haldane and Jaime Fern{\'{a}}ndez del
               R{\'{i}}o and Mark Wiebe and Pearu Peterson and Pierre
               G{\'{e}}rard-Marchant and Kevin Sheppard and Tyler Reddy and
               Warren Weckesser and Hameer Abbasi and Christoph Gohlke and
               Travis E. Oliphant},
  year      = {2020},
  month     = sep,
  journal   = {Nature},
  volume    = {585},
  number    = {7825},
  pages     = {357--362},
  doi       = {10.1038/s41586-020-2649-2},
  publisher = {Springer Science and Business Media {LLC}},
  url       = {https://doi.org/10.1038/s41586-020-2649-2}
}

@book{heaton2008introduction,
  title     = {Introduction to neural networks with Java},
  author    = {Heaton, Jeff},
  year      = {2008},
  publisher = {Heaton Research, Inc.}
}

@article{hendrycks2016gaussian,
  title   = {Gaussian error linear units (gelus)},
  author  = {Hendrycks, Dan and Gimpel, Kevin},
  journal = {arXiv preprint arXiv:1606.08415},
  year    = {2016}
}

@misc{brunzema2023,
  author = {Brunzema, Paul},
  title  = {Truncated-MVN-Sampler},
  year   = {2023},
  url    = {https://github.com/brunzema/truncated-mvn-sampler},
  note   = {GitHub repository}
}

@article{botev2017normal,
  title     = {The normal law under linear restrictions: simulation and estimation via minimax tilting},
  author    = {Botev, Zdravko I},
  journal   = {Journal of the Royal Statistical Society. Series B (Statistical Methodology)},
  pages     = {125--148},
  year      = {2017},
  publisher = {JSTOR}
}

@article{loshchilov2017decoupled,
  title   = {Decoupled weight decay regularization},
  author  = {Loshchilov, Ilya and Hutter, Frank},
  journal = {arXiv preprint arXiv:1711.05101},
  year    = {2017}
}

@article{degen2017quantum,
  title     = {Quantum sensing},
  author    = {Degen, Christian L and Reinhard, Friedemann and Cappellaro, Paola},
  journal   = {Reviews of modern physics},
  volume    = {89},
  number    = {3},
  pages     = {035002},
  year      = {2017},
  publisher = {APS}
}

@article{boss2016one,
  title     = {One-and two-dimensional nuclear magnetic resonance spectroscopy with a diamond quantum sensor},
  author    = {Boss, Jens M and Chang, Kevin and Armijo, Julien and Cujia, Kristian and Rosskopf, Tobias and Maze, Jer{\'o}nimo R and Degen, Christian L},
  journal   = {Physical review letters},
  volume    = {116},
  number    = {19},
  pages     = {197601},
  year      = {2016},
  publisher = {APS}
}

@article{carr1954effects,
  title     = {Effects of diffusion on free precession in nuclear magnetic resonance experiments},
  author    = {Carr, Herman Y and Purcell, Edward M},
  journal   = {Physical review},
  volume    = {94},
  number    = {3},
  pages     = {630},
  year      = {1954},
  publisher = {APS}
}

@article{meiboom1958modified,
  title     = {Modified spin-echo method for measuring nuclear relaxation times},
  author    = {Meiboom, Saul and Gill, David},
  journal   = {Review of scientific instruments},
  volume    = {29},
  number    = {8},
  pages     = {688--691},
  year      = {1958},
  publisher = {American Institute of Physics}
}

@article{alvarez2011measuring,
  title     = {Measuring the spectrum of colored noise by dynamical decoupling},
  author    = {{\'A}lvarez, Gonzalo A and Suter, Dieter},
  journal   = {Physical review letters},
  volume    = {107},
  number    = {23},
  pages     = {230501},
  year      = {2011},
  publisher = {APS}
}

@article{schrodinger1926undulatory,
  title     = {An undulatory theory of the mechanics of atoms and molecules},
  author    = {Schr{\"o}dinger, Erwin},
  journal   = {Physical review},
  volume    = {28},
  number    = {6},
  pages     = {1049},
  year      = {1926},
  publisher = {APS}
}


@book{griffiths2018introduction,
  title     = {Introduction to quantum mechanics},
  author    = {Griffiths, David J and Schroeter, Darrell F},
  year      = {2018},
  publisher = {Cambridge university press}
}


@book{bruus2004many,
  title     = {Many-body quantum theory in condensed matter physics: an introduction},
  author    = {Bruus, Henrik and Flensberg, Karsten},
  year      = {2004},
  publisher = {OUP Oxford}
}


@book{weinberg1995quantum,
  title     = {The quantum theory of fields},
  author    = {Weinberg, Steven},
  volume    = {2},
  year      = {1995},
  publisher = {Cambridge university press}
}

@article{dyson1949radiation,
  title     = {The radiation theories of Tomonaga, Schwinger, and Feynman},
  author    = {Dyson, Freeman J},
  journal   = {Physical Review},
  volume    = {75},
  number    = {3},
  pages     = {486},
  year      = {1949},
  publisher = {APS}
}
@book{Goodfellow-et-al-2016,
  title     = {Deep Learning},
  author    = {Ian Goodfellow and Yoshua Bengio and Aaron Courville},
  publisher = {MIT Press},
  note      = {\url{http://www.deeplearningbook.org}},
  year      = {2016}
}

@article{agarap2018deep,
  title   = {Deep learning using rectified linear units (relu)},
  author  = {Agarap, Abien Fred},
  journal = {arXiv preprint arXiv:1803.08375},
  year    = {2018}
}

@book{murphy2012machine,
  title     = {Machine learning: a probabilistic perspective},
  author    = {Murphy, Kevin P},
  year      = {2012},
  publisher = {MIT press}
}

@book{russell2010artificial,
  title     = {Artificial intelligence a modern approach},
  author    = {Russell, Stuart J},
  year      = {2010},
  publisher = {Pearson Education, Inc.}
}

@article{hochreiter1997long,
  title     = {Long short-term memory},
  author    = {Hochreiter, Sepp and Schmidhuber, J{\"u}rgen},
  journal   = {Neural computation},
  volume    = {9},
  number    = {8},
  pages     = {1735--1780},
  year      = {1997},
  publisher = {MIT press}
}

@article{chung2014empirical,
  title   = {Empirical evaluation of gated recurrent neural networks on sequence modeling},
  author  = {Chung, Junyoung and Gulcehre, Caglar and Cho, KyungHyun and Bengio, Yoshua},
  journal = {arXiv preprint arXiv:1412.3555},
  year    = {2014}
}

@inproceedings{dey2017gate,
  title        = {Gate-variants of gated recurrent unit (GRU) neural networks},
  author       = {Dey, Rahul and Salem, Fathi M},
  booktitle    = {2017 IEEE 60th international midwest symposium on circuits and systems (MWSCAS)},
  pages        = {1597--1600},
  year         = {2017},
  organization = {IEEE}
}

@article{radford2018improving,
  title     = {Improving language understanding by generative pre-training},
  author    = {Radford, Alec and Narasimhan, Karthik and Salimans, Tim and Sutskever, Ilya and others},
  year      = {2018},
  publisher = {OpenAI}
}

@article{viola1999dynamical,
  title     = {Dynamical decoupling of open quantum systems},
  author    = {Viola, Lorenza and Knill, Emanuel and Lloyd, Seth},
  journal   = {Physical Review Letters},
  volume    = {82},
  number    = {12},
  pages     = {2417},
  year      = {1999},
  publisher = {APS}
}

@article{brown2010using,
  title     = {Using quantum computers for quantum simulation},
  author    = {Brown, Katherine L and Munro, William J and Kendon, Vivien M},
  journal   = {Entropy},
  volume    = {12},
  number    = {11},
  pages     = {2268--2307},
  year      = {2010},
  publisher = {MDPI}
}

@article{daley2022practical,
  title     = {Practical quantum advantage in quantum simulation},
  author    = {Daley, Andrew J and Bloch, Immanuel and Kokail, Christian and Flannigan, Stuart and Pearson, Natalie and Troyer, Matthias and Zoller, Peter},
  journal   = {Nature},
  volume    = {607},
  number    = {7920},
  pages     = {667--676},
  year      = {2022},
  publisher = {Nature Publishing Group UK London}
}

@article{bentley2022quantum,
  title   = {Quantum computing for transport optimization},
  author  = {Bentley, Christopher DB and Marsh, Samuel and Carvalho, Andr{\'e} RR and Kilby, Philip and Biercuk, Michael J},
  journal = {arXiv preprint arXiv:2206.07313},
  year    = {2022}
}

@article{wiesner1996simulations,
  title   = {Simulations of many-body quantum systems by a quantum computer},
  author  = {Wiesner, Stephen},
  journal = {arXiv preprint quant-ph/9603028},
  year    = {1996}
}

@article{cao2018potential,
  title     = {Potential of quantum computing for drug discovery},
  author    = {Cao, Yudong and Romero, Jhonathan and Aspuru-Guzik, Al{\'a}n},
  journal   = {IBM Journal of Research and Development},
  volume    = {62},
  number    = {6},
  pages     = {6--1},
  year      = {2018},
  publisher = {IBM}
}

@article{de2017potential,
  title     = {The potential impact of quantum computers on society},
  author    = {De Wolf, Ronald},
  journal   = {Ethics and Information Technology},
  volume    = {19},
  pages     = {271--276},
  year      = {2017},
  publisher = {Springer}
}


@article{cooper2022quantum,
  title   = {Quantum computing just might save the planet},
  author  = {Cooper, Peter and Ernst, Philipp and Kiewell, Dieter and Pinner, Dickon},
  journal = {McKinsey Digital},
  year    = {2022}
}


@article{o2019calculating,
  title     = {Calculating energy derivatives for quantum chemistry on a quantum computer},
  author    = {O’Brien, Thomas E and Senjean, Bruno and Sagastizabal, Ramiro and Bonet-Monroig, Xavier and Dutkiewicz, Alicja and Buda, Francesco and DiCarlo, Leonardo and Visscher, Lucas},
  journal   = {npj Quantum Information},
  volume    = {5},
  number    = {1},
  pages     = {113},
  year      = {2019},
  publisher = {Nature Publishing Group UK London}
}

@article{cao2019quantum,
  title     = {Quantum chemistry in the age of quantum computing},
  author    = {Cao, Yudong and Romero, Jonathan and Olson, Jonathan P and Degroote, Matthias and Johnson, Peter D and Kieferov{\'a}, M{\'a}ria and Kivlichan, Ian D and Menke, Tim and Peropadre, Borja and Sawaya, Nicolas PD and others},
  journal   = {Chemical reviews},
  volume    = {119},
  number    = {19},
  pages     = {10856--10915},
  year      = {2019},
  publisher = {ACS Publications}
}

@article{rungger2019dynamical,
  title   = {Dynamical mean field theory algorithm and experiment on quantum computers},
  author  = {Rungger, Ivan and Fitzpatrick, Nathan and Chen, Honxiang and Alderete, CH and Apel, Harriett and Cowtan, Alexander and Patterson, Andrew and Ramo, D Munoz and Zhu, Yingyue and Nguyen, Nhung Hong and others},
  journal = {arXiv preprint arXiv:1910.04735},
  year    = {2019}
}

@article{lautemann1983bpp,
  title     = {BPP and the polynomial hierarchy},
  author    = {Lautemann, Clemens},
  journal   = {Information Processing Letters},
  volume    = {17},
  number    = {4},
  pages     = {215--217},
  year      = {1983},
  publisher = {Elsevier}
}

@article{orus2019quantum,
  title     = {Quantum computing for finance: Overview and prospects},
  author    = {Or{\'u}s, Rom{\'a}n and Mugel, Samuel and Lizaso, Enrique},
  journal   = {Reviews in Physics},
  volume    = {4},
  pages     = {100028},
  year      = {2019},
  publisher = {Elsevier}
}

@article{biamonte2017quantum,
  title     = {Quantum machine learning},
  author    = {Biamonte, Jacob and Wittek, Peter and Pancotti, Nicola and Rebentrost, Patrick and Wiebe, Nathan and Lloyd, Seth},
  journal   = {Nature},
  volume    = {549},
  number    = {7671},
  pages     = {195--202},
  year      = {2017},
  publisher = {Nature Publishing Group UK London}
}

@article{schuld2015introduction,
  title     = {An introduction to quantum machine learning},
  author    = {Schuld, Maria and Sinayskiy, Ilya and Petruccione, Francesco},
  journal   = {Contemporary Physics},
  volume    = {56},
  number    = {2},
  pages     = {172--185},
  year      = {2015},
  publisher = {Taylor \& Francis}
}

@misc{lopez2019rnn,
  author = {dProgrammer Lopez},
  title  = {RNN, LSTM \& GRU},
  year   = {2019},
  url    = {http://dprogrammer.org/rnn-lstm-gru},
  note   = {Accessed: 29/05/2023}
}

@misc{goiporia2022suppressing,
  author       = {Palash Goiporia and Pranav Gokhale and Michael A. Perlin and Yunong Shi and Martin Suchara},
  title        = {Suppressing errors with dynamical decoupling using pulse control on Amazon Braket},
  howpublished = {\url{https://aws.amazon.com/blogs/quantum-computing/suppressing-errors-with-dynamical-decoupling-using-pulse-control-on-amazon-braket/}},
  year         = {2022},
  note         = {[Online; accessed on 30-May-2023]}
}

@techreport{rice1981matrix,
  title  = {Matrix computations and mathematical software},
  author = {Rice, John Rischard},
  year   = {1981}
}

@article{ba2016layer,
  title   = {Layer normalization},
  author  = {Ba, Jimmy Lei and Kiros, Jamie Ryan and Hinton, Geoffrey E},
  journal = {arXiv preprint arXiv:1607.06450},
  year    = {2016}
}

@article{weiss2016survey,
  title     = {A survey of transfer learning},
  author    = {Weiss, Karl and Khoshgoftaar, Taghi M and Wang, DingDing},
  journal   = {Journal of Big data},
  volume    = {3},
  number    = {1},
  pages     = {1--40},
  year      = {2016},
  publisher = {SpringerOpen}
}

@incollection{torrey2010transfer,
  title     = {Transfer learning},
  author    = {Torrey, Lisa and Shavlik, Jude},
  booktitle = {Handbook of research on machine learning applications and trends: algorithms, methods, and techniques},
  pages     = {242--264},
  year      = {2010},
  publisher = {IGI global}
}

@article{zhuang2020comprehensive,
  title     = {A comprehensive survey on transfer learning},
  author    = {Zhuang, Fuzhen and Qi, Zhiyuan and Duan, Keyu and Xi, Dongbo and Zhu, Yongchun and Zhu, Hengshu and Xiong, Hui and He, Qing},
  journal   = {Proceedings of the IEEE},
  volume    = {109},
  number    = {1},
  pages     = {43--76},
  year      = {2020},
  publisher = {IEEE}
}

@inproceedings{chen2016xgboost,
  title     = {Xgboost: A scalable tree boosting system},
  author    = {Chen, Tianqi and Guestrin, Carlos},
  booktitle = {Proceedings of the 22nd acm sigkdd international conference on knowledge discovery and data mining},
  pages     = {785--794},
  year      = {2016}
}

@article{hardoon2004canonical,
  title     = {Canonical correlation analysis: An overview with application to learning methods},
  author    = {Hardoon, David R and Szedmak, Sandor and Shawe-Taylor, John},
  journal   = {Neural computation},
  volume    = {16},
  number    = {12},
  pages     = {2639--2664},
  year      = {2004},
  publisher = {MIT Press}
}

@article{boixo2018characterizing,
  title     = {Characterizing quantum supremacy in near-term devices},
  author    = {Boixo, Sergio and Isakov, Sergei V and Smelyanskiy, Vadim N and Babbush, Ryan and Ding, Nan and Jiang, Zhang and Bremner, Michael J and Martinis, John M and Neven, Hartmut},
  journal   = {Nature Physics},
  volume    = {14},
  number    = {6},
  pages     = {595--600},
  year      = {2018},
  publisher = {Nature Publishing Group UK London}
}

@article{aaronson2016complexity,
  title   = {Complexity-theoretic foundations of quantum supremacy experiments},
  author  = {Aaronson, Scott and Chen, Lijie},
  journal = {arXiv preprint arXiv:1612.05903},
  year    = {2016}
}

@article{pednault2017breaking,
  title   = {Breaking the 49-qubit barrier in the simulation of quantum circuits},
  author  = {Pednault, Edwin and Gunnels, John A and Nannicini, Giacomo and Horesh, Lior and Magerlein, Thomas and Solomonik, Edgar and Wisnieff, Robert},
  journal = {arXiv preprint arXiv:1710.05867},
  volume  = {15},
  year    = {2017}
}

@article{sherstinsky2020fundamentals,
  title     = {Fundamentals of recurrent neural network (RNN) and long short-term memory (LSTM) network},
  author    = {Sherstinsky, Alex},
  journal   = {Physica D: Nonlinear Phenomena},
  volume    = {404},
  pages     = {132306},
  year      = {2020},
  publisher = {Elsevier}
}

@book{golub2013matrix,
  title     = {Matrix computations},
  author    = {Golub, Gene H and Van Loan, Charles F},
  year      = {2013},
  publisher = {JHU press}
}

@book{lancaster1985theory,
  title     = {The theory of matrices: with applications},
  author    = {Lancaster, Peter and Tismenetsky, Miron},
  year      = {1985},
  publisher = {Elsevier}
}

@article{popescu2016chebyshev,
  title     = {Chebyshev expansion applied to dissipative quantum systems},
  author    = {Popescu, Bogdan and Rahman, Hasan and Kleinekathöfer, Ulrich},
  journal   = {The Journal of Physical Chemistry A},
  volume    = {120},
  number    = {19},
  pages     = {3270--3277},
  year      = {2016},
  publisher = {ACS Publications}
}

@article{von2020two,
  title     = {Two-qubit spectroscopy of spatiotemporally correlated quantum noise in superconducting qubits},
  author    = {von L{\"u}pke, Uwe and Beaudoin, F{\'e}lix and Norris, Leigh M and Sung, Youngkyu and Winik, Roni and Qiu, Jack Y and Kjaergaard, Morten and Kim, David and Yoder, Jonilyn and Gustavsson, Simon and others},
  journal   = {PRX Quantum},
  volume    = {1},
  number    = {1},
  pages     = {010305},
  year      = {2020},
  publisher = {APS}
}

@article{sun2022self,
  title     = {Self-consistent noise characterization of quantum devices},
  author    = {Sun, Won Kyu Calvin and Cappellaro, Paola},
  journal   = {Physical Review B},
  volume    = {106},
  number    = {15},
  pages     = {155413},
  year      = {2022},
  publisher = {APS}
}

@article{martina2021machine,
  title   = {Machine learning approach for quantum non-Markovian noise classification},
  author  = {Martina, Stefano and Gherardini, Stefano and Caruso, Filippo},
  journal = {arXiv preprint arXiv:2101.03221},
  year    = {2021}
}

@article{baroni2022nuclear,
  title     = {Nuclear two point correlation functions on a quantum computer},
  author    = {Baroni, Alessandro and Carlson, Joseph and Gupta, Rajan and Li, Andy CY and Perdue, Gabriel N and Roggero, Alessandro},
  journal   = {Physical Review D},
  volume    = {105},
  number    = {7},
  pages     = {074503},
  year      = {2022},
  publisher = {APS}
}

@article{penthorn2019two,
  title     = {Two-axis quantum control of a fast valley qubit in silicon},
  author    = {Penthorn, Nicholas E and Schoenfield, Joshua S and Rooney, John D and Edge, Lisa F and Jiang, HongWen},
  journal   = {npj Quantum Information},
  volume    = {5},
  number    = {1},
  pages     = {94},
  year      = {2019},
  publisher = {Nature Publishing Group UK London}
}

@book{swokowski1979calculus,
  title     = {Calculus with analytic geometry},
  author    = {Swokowski, Earl William},
  year      = {1979},
  publisher = {Taylor \& Francis}
}

@book{sarason2007complex,
  title     = {Complex function theory},
  author    = {Sarason, Donald},
  number    = {49},
  year      = {2007},
  publisher = {American Mathematical Soc.}
}

@article{elfwing2017sigmoid,
  title   = {Sigmoid-Weighted Linear Units for Neural Network Function Approximation in Reinforcement Learning. ArXiv e-prints (2017)},
  author  = {Elfwing, Stefan and Uchibe, Eiji and Doya, Kenji},
  journal = {arXiv preprint arXiv:1702.03118},
  volume  = {1702},
  year    = {2017}
}

@article{ramachandran2017swish,
  title     = {Swish: a self-gated activation function},
  author    = {Ramachandran, Prajit and Zoph, Barret and Le, Quoc V},
  journal   = {arXiv preprint arXiv:1710.05941},
  volume    = {7},
  number    = {1},
  pages     = {5},
  year      = {2017},
  publisher = {Technical report}
}

@article{tofallis2015better,
  title     = {A better measure of relative prediction accuracy for model selection and model estimation},
  author    = {Tofallis, Chris},
  journal   = {Journal of the Operational Research Society},
  volume    = {66},
  pages     = {1352--1362},
  year      = {2015},
  publisher = {Springer}
}

@article{orus2008infinite,
  title     = {Infinite time-evolving block decimation algorithm beyond unitary evolution},
  author    = {Orus, Roman and Vidal, Guifre},
  journal   = {Physical Review B},
  volume    = {78},
  number    = {15},
  pages     = {155117},
  year      = {2008},
  publisher = {APS}
}

@article{miyamoto2008testing,
  title     = {Testing the numerical stability of time-dependent density functional simulations using the Suzuki-Trotter formula},
  author    = {Miyamoto, Yoshiyuki and Zhang, Hong},
  journal   = {Physical Review B},
  volume    = {77},
  number    = {16},
  pages     = {165123},
  year      = {2008},
  publisher = {APS}
}

@article{rodionov2014compressed,
  title     = {Compressed sensing quantum process tomography for superconducting quantum gates},
  author    = {Rodionov, Andrey V and Veitia, Andrzej and Barends, R and Kelly, J and Sank, Daniel and Wenner, J and Martinis, John M and Kosut, Robert L and Korotkov, Alexander N},
  journal   = {Physical Review B},
  volume    = {90},
  number    = {14},
  pages     = {144504},
  year      = {2014},
  publisher = {APS}
}

@book{mitchell1998introduction,
  title     = {An introduction to genetic algorithms},
  author    = {Mitchell, Melanie},
  year      = {1998},
  publisher = {MIT press}
}

@article{burkardt2014truncated,
  title   = {The truncated normal distribution},
  author  = {Burkardt, John},
  journal = {Department of Scientific Computing Website, Florida State University},
  volume  = {1},
  pages   = {35},
  year    = {2014}
}

@article{storn1997differential,
  title     = {Differential evolution--a simple and efficient heuristic for global optimization over continuous spaces},
  author    = {Storn, Rainer and Price, Kenneth},
  journal   = {Journal of global optimization},
  volume    = {11},
  pages     = {341--359},
  year      = {1997},
  publisher = {Springer}
}

@article{kingma2014adam,
  title   = {Adam: A method for stochastic optimization},
  author  = {Kingma, Diederik P and Ba, Jimmy},
  journal = {arXiv preprint arXiv:1412.6980},
  year    = {2014}
}

@book{conn2009introduction,
  title     = {Introduction to derivative-free optimization},
  author    = {Conn, Andrew R and Scheinberg, Katya and Vicente, Luis N},
  year      = {2009},
  publisher = {SIAM}
}

@book{nilsson1998artificial,
  title     = {Artificial intelligence: a new synthesis},
  author    = {Nilsson, Nils J},
  year      = {1998},
  publisher = {Morgan Kaufmann}
}

@online{wiki-bloch-sphere,
  author = {Wikipedia},
  title  = {Bloch sphere},
  year   = {2023},
  url    = {https://en.wikipedia.org/wiki/Bloch_sphere},
  note   = {Accessed: October 17, 2023}
}

@article{cochran1953statistical,
  title     = {Statistical problems of the Kinsey report},
  author    = {Cochran, William G and Mosteller, Frederick and Tukey, John W},
  journal   = {Journal of the American Statistical Association},
  volume    = {48},
  number    = {264},
  pages     = {673--716},
  year      = {1953},
  publisher = {Taylor \& Francis}
}

@article{elfwing2017sigmoid,
  title   = {Sigmoid-Weighted Linear Units for Neural Network Function Approximation in Reinforcement Learning. ArXiv e-prints (2017)},
  author  = {Elfwing, Stefan and Uchibe, Eiji and Doya, Kenji},
  journal = {arXiv preprint arXiv:1702.03118},
  volume  = {1702},
  year    = {2017}
}

@article{ramachandran2017searching,
  title   = {Searching for activation functions},
  author  = {Ramachandran, Prajit and Zoph, Barret and Le, Quoc V},
  journal = {arXiv preprint arXiv:1710.05941},
  year    = {2017}
}

@article{sung2021multi,
  title     = {Multi-level quantum noise spectroscopy},
  author    = {Sung, Youngkyu and Veps{\"a}l{\"a}inen, Antti and Braum{\"u}ller, Jochen and Yan, Fei and Wang, Joel I-Jan and Kjaergaard, Morten and Winik, Roni and Krantz, Philip and Bengtsson, Andreas and Melville, Alexander J and others},
  journal   = {Nature communications},
  volume    = {12},
  number    = {1},
  pages     = {967},
  year      = {2021},
  publisher = {Nature Publishing Group UK London}
}

@book{axler2015linear,
  title     = {Linear algebra done right},
  author    = {Axler, Sheldon},
  year      = {2015},
  publisher = {Springer}
}

@book{gustafson2011mathematical,
  title     = {Mathematical concepts of quantum mechanics},
  author    = {Gustafson, Stephen J and Sigal, Israel Michael and Sigal, Israel Michael and Physicien, Isra{\"e}l and Sigal, Israel Michael and Physicist, Israel},
  volume    = {2},
  year      = {2011},
  publisher = {Springer}
}

@article{scikit-learn,
  title   = {Scikit-learn: Machine Learning in {P}ython},
  author  = {Pedregosa, F. and Varoquaux, G. and Gramfort, A. and Michel, V.
             and Thirion, B. and Grisel, O. and Blondel, M. and Prettenhofer, P.
             and Weiss, R. and Dubourg, V. and Vanderplas, J. and Passos, A. and
             Cournapeau, D. and Brucher, M. and Perrot, M. and Duchesnay, E.},
  journal = {Journal of Machine Learning Research},
  volume  = {12},
  pages   = {2825--2830},
  year    = {2011}
}

@article{seedhouse2023spatio,
  title   = {Spatio-temporal correlations of noise in MOS spin qubits},
  author  = {Seedhouse, Amanda E and Stuyck, Nard Dumoulin and Serrano, Santiago and Tanttu, Tuomo and Gilbert, Will and Huang, Jonathan Yue and Hudson, Fay E and Itoh, Kohei M and Laucht, Arne and Lim, Wee Han and others},
  journal = {arXiv preprint arXiv:2309.12542},
  year    = {2023}
}

@article{nakamura2024gate,
  title   = {Gate Operations for Superconducting Qubits and Non-Markovianity: Fidelities, Long-range Time Correlations, and Suppression of Decoherence},
  author  = {Nakamura, Kiyoto and Ankerhold, Joachim},
  journal = {arXiv preprint arXiv:2402.18518},
  year    = {2024}
}

@article{sung2019non,
  title     = {Non-Gaussian noise spectroscopy with a superconducting qubit sensor},
  author    = {Sung, Youngkyu and Beaudoin, F{\'e}lix and Norris, Leigh M and Yan, Fei and Kim, David K and Qiu, Jack Y and von L{\"u}pke, Uwe and Yoder, Jonilyn L and Orlando, Terry P and Gustavsson, Simon and others},
  journal   = {Nature communications},
  volume    = {10},
  number    = {1},
  pages     = {3715},
  year      = {2019},
  publisher = {Nature Publishing Group UK London}
}

@misc{james2013introduction,
  title     = {An introduction to statistical learning},
  author    = {James, Gareth},
  year      = {2013},
  publisher = {springer}
}

@article{paz2017multiqubit,
  title={Multiqubit spectroscopy of Gaussian quantum noise},
  author={Paz-Silva, Gerardo A and Norris, Leigh M and Viola, Lorenza},
  journal={Physical review a},
  volume={95},
  number={2},
  pages={022121},
  year={2017},
  publisher={APS}
}